<collection xmlns="http://www.loc.gov/MARC21/slim">
<record>
  <leader>01647nam0a2200301 i 450 </leader>
  <controlfield tag="001">IT\ICCU\CNCE\048678</controlfield>
  <controlfield tag="005">20030922000000.0</controlfield>
  <datafield tag="012" ind1=" " ind2=" ">
    <subfield code="a">iaer m,c. t*fe seNd (C) 1575 (R)</subfield>
    <subfield code="2">fei</subfield>
  </datafield>
  <datafield tag="100" ind1=" " ind2=" ">
    <subfield code="a">19990521d1575        0itac0103    ba</subfield>
  </datafield>
  <datafield tag="101" ind1=" " ind2=" ">
    <subfield code="a">LAT</subfield>
  </datafield>
  <datafield tag="102" ind1=" " ind2=" ">
    <subfield code="a">IT</subfield>
  </datafield>
  <datafield tag="200" ind1="1" ind2=" ">
    <subfield code="a">℗Donati ℗Institutiones grammatices, a Dionysio Malatesta de Ciuitate Ducali, summa diligentia recognitae, atque ad puerorum vtilitatem nuper impressae. Addita, artis metrices, perbreui regula</subfield>
  </datafield>
  <datafield tag="210" ind1=" " ind2=" ">
    <subfield code="a">Romae</subfield>
    <subfield code="c">apud Victorium Elianum</subfield>
    <subfield code="d">1575</subfield>
    <subfield code="e">Romae</subfield>
    <subfield code="g">apud Victorium Elianum</subfield>
    <subfield code="h">1575</subfield>
  </datafield>
  <datafield tag="215" ind1=" " ind2=" ">
    <subfield code="a">\42! c.</subfield>
    <subfield code="d">8ʻ</subfield>
  </datafield>
  <datafield tag="620" ind1=" " ind2=" ">
    <subfield code="a">IT</subfield>
    <subfield code="d">Roma</subfield>
  </datafield>
  <datafield tag="700" ind1=" " ind2="1">
    <subfield code="a">Donatus,</subfield>
    <subfield code="b">Aelius</subfield>
    <subfield code="3">IT\ICCU\CNCA\000324</subfield>
  </datafield>
  <datafield tag="702" ind1=" " ind2="1">
    <subfield code="a">Malatesta,</subfield>
    <subfield code="b">Dionigi</subfield>
    <subfield code="3">IT\ICCU\CNCA\013650</subfield>
  </datafield>
  <datafield tag="712" ind1="0" ind2="0">
    <subfield code="a">Eliano, Vittorio</subfield>
    <subfield code="3">IT\ICCU\CNCT\000532</subfield>
    <subfield code="4">650</subfield>
  </datafield>
  <datafield tag="790" ind1=" " ind2="1">
    <subfield code="a">Dionisius,</subfield>
    <subfield code="b">Appollonius Donatus</subfield>
    <subfield code="3">IT\ICCU\CNCA\004906</subfield>
    <subfield code="z">Donatus, Aelius</subfield>
  </datafield>
  <datafield tag="790" ind1=" " ind2="0">
    <subfield code="a">Aelius</subfield>
    <subfield code="c"> : Donatus</subfield>
    <subfield code="3">IT\ICCU\CNCA\009367</subfield>
    <subfield code="z">Donatus, Aelius</subfield>
  </datafield>
  <datafield tag="790" ind1=" " ind2="1">
    <subfield code="a">Malatesta,</subfield>
    <subfield code="b">Dionysius</subfield>
    <subfield code="3">IT\ICCU\CNCA\019611</subfield>
    <subfield code="z">Malatesta, Dionigi</subfield>
  </datafield>
  <datafield tag="791" ind1="0" ind2="0">
    <subfield code="a">Helianus, Victorius</subfield>
    <subfield code="3">IT\ICCU\CNCT\002722</subfield>
    <subfield code="z">Eliano, Vittorio</subfield>
  </datafield>
  <datafield tag="791" ind1="0" ind2="0">
    <subfield code="a">Aelianus, Victorius</subfield>
    <subfield code="3">IT\ICCU\CNCT\003782</subfield>
    <subfield code="z">Eliano, Vittorio</subfield>
  </datafield>
  <datafield tag="791" ind1="0" ind2="0">
    <subfield code="a">Romanus, Victorius</subfield>
    <subfield code="3">IT\ICCU\CNCT\006313</subfield>
    <subfield code="z">Eliano, Vittorio</subfield>
  </datafield>
  <datafield tag="801" ind1=" " ind2="3">
    <subfield code="a">IT</subfield>
    <subfield code="b">ICCU</subfield>
    <subfield code="c">20201115</subfield>
  </datafield>
  <datafield tag="899" ind1=" " ind2=" ">
    <subfield code="a">Biblioteca Angelica. Roma</subfield>
    <subfield code="1">RM0290</subfield>
    <subfield code="2">RML 06</subfield>
  </datafield>
  <datafield tag="911" ind1=" " ind2=" ">
    <subfield code="a">Sul front.</subfield>
    <subfield code="9">IT\ICCU\CNCM\000121</subfield>
  </datafield>
  <datafield tag="921" ind1=" " ind2=" ">
    <subfield code="a">IT\ICCU\CNCM\000121</subfield>
    <subfield code="b">Serpente attorcigliato fra rami di palma e olivo che formano un ovale. In alto una colomba regge un anello gemmato. In basso da un tronco escono due serpenti.</subfield>
    <subfield code="e">Fortes fortuna adiuvat</subfield>
    <subfield code="c">Z1047</subfield>
    <subfield code="d">Dimensioni: 3,5 x 6</subfield>
    <subfield code="f">OLIVO</subfield>
    <subfield code="f">PALMA</subfield>
    <subfield code="f">RAMO</subfield>
    <subfield code="f">SERPENTE</subfield>
    <subfield code="g">1552-1575</subfield>
  </datafield>
</record>
</collection>
